@book{brautigam_2008_taxation,
  author = {Brautigam, Deborah and Fjeldstad, Odd-Helge and Moore, Mick},
  month = {01},
  publisher = {Cambridge University Press},
  title = {Taxation and State-Building in Developing Countries},
  year = {2008}
}

@article{chang_2011_institutions,
  author = {Chang, Ha-Joon},
  pages = {473-498},
  title = {Institutions and Economic development: theory, Policy and History},
  doi = {10.1017/s1744137410000378},
  url = {http://hajoonchang.net/wp-content/uploads/2011/01/JOIE-institutions-and-development-published.pdf},
  volume = {7},
  year = {2011},
  journal = {Journal of Institutional Economics}
}

@article{timmons_2005_the,
  author = {Timmons, Jeffrey F},
  pages = {530-567},
  publisher = {Cambridge University Press},
  title = {The Fiscal Contract: States, Taxes, and Public Services},
  doi = {10.2307/40060117},
  url = {https://www.jstor.org/stable/40060117},
  volume = {57},
  year = {2005},
  journal = {World Politics}
}

@article{gaspar_2016_political,
  author = {Gaspar, Vitor and Jaramillo, Laura and Wingender, Philippe},
  pages = {1},
  title = {Political Institutions, State Building, and Tax Capacity: Crossing the Tipping Point},
  doi = {10.5089/9781475558142.001},
  urldate = {2019-09-20},
  volume = {16},
  year = {2016},
  journal = {IMF Working Papers}
}

@article{akanbi_2019_state,
  author = {Akanbi, Olusegun Ayodele},
  month = {08},
  title = {State Institutions and Tax Capacity},
  doi = {10.5089/9781513509860.001},
  urldate = {2020-04-18},
  volume = {19},
  year = {2019},
  journal = {IMF Working Papers}
}

@article{iswahyudi_2021_getting,
  author = {Iswahyudi, Heru},
  month = {09},
  pages = {234-254},
  title = {“Getting to Denmark" from Indonesia: Starting from State Institutions or Tax Capacity?},
  doi = {10.22146/jieb.v36i3.1397},
  urldate = {2022-02-26},
  volume = {36},
  year = {2021},
  journal = {Journal of Indonesian Economy and Business}
}

@article{addison_2018_fiscal,
  author = {Addison, Tony and Niño-Zarazúa, Miguel and Pirttilä, Jukka},
  month = {03},
  pages = {161-172},
  title = {Fiscal Policy, State Building and Economic Development},
  doi = {10.1002/jid.3355},
  urldate = {2019-10-04},
  volume = {30},
  year = {2018},
  journal = {Journal of International Development}
}

@article{arvin_2021_are,
  author = {Arvin, Mak B. and Pradhan, Rudra P. and Nair, Mahendhiran S.},
  month = {06},
  pages = {468-489},
  title = {Are there links between institutional quality, government expenditure, tax revenue and economic growth? Evidence from low-income and lower middle-income countries},
  doi = {10.1016/j.eap.2021.03.011},
  volume = {70},
  year = {2021},
  journal = {Economic Analysis and Policy}
}

@article{gaspar_2016_tax,
  author = {Gaspar, Vitor and Jaramillo, Laura and Wingender, Philippe},
  pages = {1},
  title = {Tax Capacity and Growth: Is there a Tipping Point?},
  doi = {10.5089/9781475558173.001},
  url = {https://www.imf.org/external/pubs/ft/wp/2016/wp16234.pdf},
  volume = {16},
  year = {2016},
  journal = {IMF Working Papers}
}

@article{benitez_2023_building,
  author = {Benitez, Juan Carlos  and Mansour, Mario  and Pecho, Miguel and Vellutini, Charles },
  month = {09},
  pages = {1-1},
  publisher = {International Monetary Fund},
  title = {Building Tax Capacity in Developing Countries},
  doi = {10.5089/9798400246098.006},
  urldate = {2024-05-18},
  volume = {2023},
  year = {2023},
  journal = {IMF staff discussion note}
}

@article{murshed_2020_fiscal,
  author = {Murshed, Syed Mansoob and Bergougui, Brahim and Badiuzzaman, Muhammad and Pulok, Mohammad Habibullah},
  month = {09},
  pages = {1-26},
  title = {Fiscal Capacity, Democratic Institutions and Social Welfare Outcomes in Developing Countries},
  doi = {10.1080/10242694.2020.1817259},
  urldate = {2020-12-11},
  year = {2020},
  journal = {Defence and Peace Economics}
}

@article{saptono_2022_institutional,
  author = {Saptono, Prianto Budi and Mahmud, Gustofan},
  month = {06},
  pages = {207-237},
  title = {Institutional environment and tax performance: empirical evidence from developing economies},
  doi = {10.3326/pse.46.2.2},
  urldate = {2022-06-28},
  volume = {46},
  year = {2022},
  journal = {Public Sector Economics}
}

@book{qian_2025_estimating,
  author = {Qian, Rong  and Poniatowski, Grzegorz  and Dwi Rahmadanti, Ratih  and Obeyesekere, Anthony  and Ihsan, Ahya  and Abriningrum, Dwi Endah },
  month = {03},
  publisher = {World Bank Group},
  title = {Estimating Value Added Tax (VAT) and Corporate Income Tax (CIT) Gaps in Indonesia},
  doi = {10.1596/42959},
  urldate = {2025-08-03},
  year = {2025},
  organization = {Washington, DC: World Bank eBooks}
}

@misc{UNUWIDER2023GRD,
  author       = {{UNU-WIDER}},
  year         = {2023},
  title        = {Government Revenue Dataset (GRD) (Version 2023)},
  howpublished = {\url{https://doi.org/10.35188/UNU-WIDER/GRD-2023}},
  note         = {United Nations University World Institute for Development Economics Research},
}
@misc{KaufmannKraay2024WGI,
  author       = {Kaufmann, Daniel and Kraay, Aart},
  title        = {Worldwide Governance Indicators, 2024 Update},
  year         = {2024},
  howpublished = {\url{http://www.govindicators.org}},
  note         = {World Bank; data updated annually through 2023},
}
@misc{FreedomHouse2024FITW,
  author       = {{Freedom House}},
  title        = {Freedom in the World 2024},
  year         = {2024},
  howpublished = {\url{https://freedomhouse.org/report/freedom-world}},
  note         = {Annual survey of political rights and civil liberties},
}
